@Comment{
 introduction
}

%1,4
@INPROCEEDINGS{10334727,
  author={Aghda, Omid Abbassi and Omidi, Mohammad Javad and Saeedi-Sourck, Hamid},
  booktitle={2023 31st International Conference on Electrical Engineering (ICEE)}, 
  title={Superimposed Channel Estimation in OTFS Modulation Using Compressive Sensing}, 
  year={2023},
  volume={},
  number={},
  pages={756-761},
  keywords={Wireless communication;Multiplexing;Time-frequency analysis;Simulation;Message passing;Matching pursuit algorithms;Channel estimation;Channel estimation;data detection;message passing;orthogonal matching pursuit;OTFS;superimposed pilot},
  doi={10.1109/ICEE59167.2023.10334727}}
%3, 19
@INPROCEEDINGS{8647394,
  author={Kollengode Ramachandran, M. and Chockalingam, A.},
  booktitle={2018 IEEE Global Communications Conference (GLOBECOM)}, 
  title={MIMO-OTFS in High-Doppler Fading Channels: Signal Detection and Channel Estimation}, 
  year={2018},
  volume={},
  number={},
  pages={206-212},
  keywords={OFDM;Modulation;Channel estimation;Receiving antennas;MIMO communication;Signal detection;Doppler effect;OTFS modulation;MIMO-OTFS;2D modulation;delay-Doppler domain;MIMO-OTFS signal detection;channel estimation},
  doi={10.1109/GLOCOM.2018.8647394}}
% 5
@ARTICLE{9539066,
  author={Mishra, Himanshu B. and Singh, Prem and Prasad, Abhishek K. and Budhiraja, Rohit},
  journal={IEEE Transactions on Wireless Communications}, 
  title={OTFS Channel Estimation and Data Detection Designs With Superimposed Pilots}, 
  year={2022},
  volume={21},
  number={4},
  pages={2258-2274},
  keywords={Channel estimation;Time-frequency analysis;Delays;Interference;Wireless communication;OFDM;Signal to noise ratio;Message passing algorithm;orthogonal time-frequency space (OTFS) scheme;superimposed pilots},
  doi={10.1109/TWC.2021.3110659}}
%6
@ARTICLE{9536449,
  author={Li, Shuangyang and Yuan, Weijie and Wei, Zhiqiang and Yuan, Jinhong},
  journal={IEEE Transactions on Wireless Communications}, 
  title={Cross Domain Iterative Detection for Orthogonal Time Frequency Space Modulation}, 
  year={2022},
  volume={21},
  number={4},
  pages={2227-2242},
  keywords={Modulation;Time-domain analysis;Wireless communication;Message passing;Complexity theory;Time-frequency analysis;Discrete Fourier transforms;Orthogonal time frequency space;reduced-complexity detection;cross domain detection;state evolution;performance analysis},
  doi={10.1109/TWC.2021.3110125}}

% 8
@article{pachigolla2024channel,
  title={Channel Estimation in TDD Cell-free Scenario using OTFS Modulation},
  author={Pachigolla, Yatish and Zaniboni, Lorenzo and Mahvari, Mahdi},
  journal={arXiv e-prints},
  pages={arXiv--2404},
  year={2024}
}
% 9
@INPROCEEDINGS{9896709,
  author={Li, Zhongjie and Yuan, Weijie and Zhou, Lin},
  booktitle={2022 IEEE/CIC International Conference on Communications in China (ICCC Workshops)}, 
  title={UAMP-Based Channel Estimation for OTFS in the Presence of the Fractional Doppler with HMM Prior}, 
  year={2022},
  volume={},
  number={},
  pages={304-308},
  keywords={Wireless communication;Time-frequency analysis;Message passing;Simulation;Hidden Markov models;Channel estimation;Markov processes;orthogonal time frequency space (OTFS);chan-nel estimation;hidden Markov model (HMM);unitary approxi-mate message passing (UAMP)},
  doi={10.1109/ICCCWorkshops55477.2022.9896709}}
% 10
@article{sun2023transformer,
  title={A transformer-based channel estimation method for OTFS systems},
  author={Sun, Teng and Lv, Jiebiao and Zhou, Tao},
  journal={Entropy},
  volume={25},
  number={10},
  pages={1423},
  year={2023},
  publisher={MDPI}
}


@Comment{
	System model - channel
}
@ARTICLE{6563167,
  author={Fish, Alexander and Gurevich, Shamgar and Hadani, Ronny and Sayeed, Akbar M. and Schwartz, Oded},
  journal={IEEE Transactions on Information Theory}, 
  title={Delay-Doppler Channel Estimation in Almost Linear Complexity}, 
  year={2013},
  volume={59},
  number={11},
  pages={7632-7644},
  keywords={Channel estimation;Zinc;Radar;Global Positioning System;Time-frequency analysis;Complexity theory;Receivers;Channel estimation;fast matched filter;fast moving users;flag method;GPS;Heisenberg-Weil sequences;high-frequency communication;radar;sequence design;time-frequency shift problem},
  doi={10.1109/TIT.2013.2273931}}

@Comment{
	System model - DD domain
}
@ARTICLE{10264119,
  author={Wen, Haifeng and Yuan, Weijie and Yuen, Chau and Li, Yonghui},
  journal={IEEE Transactions on Vehicular Technology}, 
  title={MF-OAMP-Based Joint Channel Estimation and Data Detection for OTFS Systems}, 
  year={2024},
  volume={73},
  number={2},
  pages={2948-2953},
  keywords={Channel estimation;Symbols;Message passing;Estimation;Delays;Time-frequency analysis;Detection algorithms;Orthogonal time frequency space (OTFS);channel estimation;detection;OAMP;mean-field},
  doi={10.1109/TVT.2023.3319562}}

%%%%%%%%%%%%%%%%%%%%%%%%%%%%%%%%%%%%%%%%%%%%%%%%%%%%%%%%%%%%%%%%%%%%%%%%%%%%%%%%%%%%%%%%%%
% JPIC
@Comment{
	JPIC - CE
}
@INPROCEEDINGS{945004,
  author={Marinkovic, S. and Vucetic, B. and Ishii, N. and Yoshida, S. and Ushirokawa, T.},
  booktitle={IEEE VTS 53rd Vehicular Technology Conference, Spring 2001. Proceedings (Cat. No.01CH37202)}, 
  title={Space-time iterative and multistage receiver structures for CDMA mobile communication systems}, 
  year={2001},
  volume={3},
  number={},
  pages={1799-1803 vol.3},
  keywords={Multiaccess communication;Mobile communication;Interference cancellation;Multiple access interference;Iterative decoding;Receivers;Quadrature phase shift keying;Fading;Adaptive arrays;National electric code},
  doi={10.1109/VETECS.2001.945004}}
@INPROCEEDINGS{5493831,
  author={Hardjawana, Wibowo and Li, Rui and Vucetic, Branka and Li, Yonghui and Yang, Xuezhi},
  booktitle={2010 IEEE 71st Vehicular Technology Conference}, 
  title={A New Iterative Channel Estimation for High Mobility MIMO-OFDM Systems}, 
  year={2010},
  volume={},
  number={},
  pages={1-5},
  keywords={Channel estimation;Iterative decoding;OFDM;Interpolation;Doppler shift;MIMO;Interference;Time domain analysis;Statistics;Australia},
  doi={10.1109/VETECS.2010.5493831}}
@ARTICLE{9785832,
  author={Wang, Xueyang and Shen, Wenqian and Xing, Chengwen and An, Jianping and Hanzo, Lajos},
  journal={IEEE Transactions on Communications}, 
  title={Joint Bayesian Channel Estimation and Data Detection for OTFS Systems in LEO Satellite Communications}, 
  year={2022},
  volume={70},
  number={7},
  pages={4386-4399},
  keywords={Channel estimation;Symbols;OFDM;Doppler effect;Low earth orbit satellites;Satellites;Bayes methods;LEO satellites;high-mobility;orthogonal time frequency space (OTFS);VBI;joint channel estimation;data detection},
  doi={10.1109/TCOMM.2022.3179389}}

%%%%%%%%%%%%%%%%%%%%%%%%%%%%%%%%%%%%%%%%%%%%%%%%%%%%%%%%%%%%%%%%%%%%%%%%%%%%%%%%%%%%%%%%%%
@Comment{
	general - OTFS 1st
}
@INPROCEEDINGS{7925924,
  author={Hadani, R. and Rakib, S. and Tsatsanis, M. and Monk, A. and Goldsmith, A. J. and Molisch, A. F. and Calderbank, R.},
  booktitle={2017 IEEE Wireless Communications and Networking Conference (WCNC)}, 
  title={Orthogonal Time Frequency Space Modulation}, 
  year={2017},
  volume={},
  number={},
  pages={1-6},
  keywords={Time-frequency analysis;Modulation;OFDM;Transforms;Doppler effect;Shape;Receivers},
  doi={10.1109/WCNC.2017.7925924}}

@Comment{
	general - Viterbo
}
@INPROCEEDINGS{8377159,
  author={Raviteja, P. and Phan, Khoa T. and Jin, Qianyu and Hong, Yi and Viterbo, Emanuele},
  booktitle={2018 IEEE Wireless Communications and Networking Conference (WCNC)}, 
  title={Low-complexity iterative detection for orthogonal time frequency space modulation}, 
  year={2018},
  volume={},
  number={},
  pages={1-6},
  keywords={Doppler effect;OFDM;Modulation;Delays;Transforms;Time-frequency analysis;Receivers;Delay-Doppler channel;OTFS;message passing;time-frequency modulation},
  doi={10.1109/WCNC.2018.8377159}}
  
@ARTICLE{8516353,
  author={Raviteja, P. and Hong, Yi and Viterbo, Emanuele and Biglieri, Ezio},
  journal={IEEE Transactions on Vehicular Technology}, 
  title={Practical Pulse-Shaping Waveforms for Reduced-Cyclic-Prefix OTFS}, 
  year={2019},
  volume={68},
  number={1},
  pages={957-961},
  keywords={Delays;OFDM;Doppler shift;Matrix decomposition;Sparse matrices;Receivers;Time-frequency analysis;OTFS;circulant matrices;delay-Doppler domain},
  doi={10.1109/TVT.2018.2878891}}

%2  
@ARTICLE{8671740,
  author={Raviteja, P. and Phan, Khoa T. and Hong, Yi},
  journal={IEEE Transactions on Vehicular Technology}, 
  title={Embedded Pilot-Aided Channel Estimation for OTFS in Delay–Doppler Channels}, 
  year={2019},
  volume={68},
  number={5},
  pages={4906-4917},
  keywords={Channel estimation;Delays;OFDM;Receivers;Doppler shift;Time-frequency analysis;OTFS;delay–Doppler channel;channel estimation;pilot arrangement},
  doi={10.1109/TVT.2019.2906357}}
  
@article{Hadani2017_OTFS,
  author = {Hadani, R. and Rakib, S. and Tsatsanis, M. and Monk, A. and Goldsmith, A. J. and Molisch, A. F. and Calderbank, R.},
  title = {Orthogonal Time Frequency Space modulation},
  booktitle = {Proc. IEEE WCNC},
  year = {2017},
  note = {https://ieeexplore.ieee.org/document/7925924}
}

@article{Raviteja2019_EPilotOTFS,
  author = {Raviteja, P. and Phan, K.~T. and Hong, Y.},
  title = {Embedded pilot‑aided channel estimation for OTFS in delay‑Doppler channels},
  journal = {IEEE Trans. Veh. Technol.},
  volume = {68},
  number = {5},
  pages = {4906--4917},
  year = {2019},
  doi = {10.1109/TVT.2019.2906357},
  note = {https://ieeexplore.ieee.org/document/8679551}
}

@article{Mishra2022_SPOTFS,
  author = {Mishra, H.~B. and Singh, P. and Prasad, A.~K. and Budhiraja, R.},
  title = {OTFS Channel Estimation And Data Detection Designs With Superimposed Pilots},
  journal = {IEEE Trans. Wireless Commun.},
  volume = {21},
  number = {4},
  pages = {2258--2274},
  year = {2022},
  doi = {10.1109/TWC.2021.3110659},
  note = {https://arxiv.org/abs/2010.15066}
}

@article{Abbassi2022_CSOTFS,
  author = {Abbassi Aghda, O. and Omidi, M.~J. and Saeedi‑Sourck, H.},
  title = {Superimposed Channel Estimation in OTFS Modulation Using Compressive Sensing},
  journal = {arXiv preprint},
  year = {2022},
  note = {https://arxiv.org/abs/2212.09280}
}

@article{Kanazawa2025_SPOTFS,
  author = {Kanazawa, Y. and Iimori, H. and Pradhan, C. and Malomsoky, S. and Ishikawa, N.},
  title = {Superimposed Pilot‑Based OTFS -- Will it Work?},
  journal = {arXiv preprint},
  year = {2025},
  note = {https://arxiv.org/abs/2501.15935}
}

@article{Wang2021_PilotOTFS,
  author = {Wang, S. and Guo, J. and Wang, X. and Yuan, W. and Fei, Z.},
  title = {Pilot design and optimization for OTFS modulation},
  journal = {IEEE Wireless Commun. Lett.},
  volume = {10},
  number = {8},
  pages = {1742--1746},
  year = {2021},
  doi = {10.1109/LWC.2021.3078527},
  note = {https://digital-library.theiet.org/doi/full/10.1049/cmu2.12469}
}

@article{Yuan2021_DataAidOTFS,
  author = {Yuan, W. and Li, S. and Wei, Z. and Yuan, J. and Ng, D.~W.~K.},
  title = {Data‑aided channel estimation for OTFS systems with a superimposed pilot and data transmission scheme},
  journal = {IEEE Wireless Commun. Lett.},
  volume = {10},
  number = {9},
  pages = {1954--1958},
  year = {2021},
  doi = {10.1109/LWC.2021.3078527}
}

@article{Nie2023_PCRBOTFS,
  author = {Nie, M. and Li, S. and Mishra, D.},
  title = {Improving Channel Estimation Performance for Uplink OTFS Transmissions: Pilot Design based on A Posteriori Cramer‑Rao Bound},
  journal = {arXiv preprint},
  year = {2023},
  note = {https://arxiv.org/abs/2310.18573}
}

@article{Mohammed2021_DerivationOTFS,
  author = {Mohammed, S.~K.},
  title = {Derivation of OTFS modulation from first principles},
  journal = {IEEE Trans. Veh. Technol.},
  volume = {70},
  number = {8},
  pages = {7619--7636},
  year = {2021}
}

@article{Shen2019_MIMOOTFS,
  author = {Shen, W. and Dai, L. and An, J.-P. and Fan, P. and Heath, R.~W.},
  title = {Channel estimation for orthogonal time frequency space (OTFS) massive MIMO},
  journal = {IEEE Trans. Signal Process.},
  volume = {67},
  number = {7},
  pages = {4204--4217},
  year = {2019}
}

@article{Murali2018_OTFS,
  author = {Murali, K.~R. and Chockalingam, A.},
  title = {On OTFS Modulation for High‑Doppler Fading Channels},
  booktitle = {Proc. IEEE ITA Workshop},
  year = {2018}
}

@article{Mohammed2022_BITS_Article,
  author = {Mohammed, S.~K. and Chockalingam, A. and Hadani, R. and Calderbank, R.},
  title = {OTFS‑Predictability in the Delay‑Doppler Domain and Its Value to Communication and Radar Sensing},
  journal = {IEEE BITS Information Theory Magazine},
  year = {2023}
}

@article{Sun2017_MMOTFS,
  author = {Sun, Y. and Babu, P. and Palomar, D.~P.},
  title = {Majorization‑Minimization Algorithms in Signal Processing, Communications, and Machine Learning},
  journal = {IEEE Trans. Signal Process.},
  volume = {65},
  number = {3},
  pages = {794--816},
  year = {2017}
}

@article{Ouchikh2022_ICASSP,
  author = {Ouchikh, R. and Aïssa El Bey, A. and Chonavel, T. and Djeddou, M.},
  title = {Iterative channel estimation and data detection algorithm for OTFS modulation},
  booktitle = {Proc. ICASSP},
  year = {2022}
}

@article{Li2022_JointCE_OTFS,
  author = {Li, M. and Zhang, S. and Ge, Y. and Gao, F. and Fan, P.},
  title = {Joint Channel Estimation and Data Detection for Hybrid RIS Aided Millimeter Wave OTFS Systems},
  journal = {IEEE Trans. Commun.},
  volume = {70},
  number = {8},
  pages = {6832--6848},
  year = {2022}
}

@article{Zhang2024_DLplugIn,
  author = {Zhang, H. and Huang, X. and Zhang, J.},
  title = {Low‑overhead OTFS transmission with frequency or time domain channel estimation},
  journal = {IEEE Trans. Veh. Technol.},
  year = {2024},
  doi = {10.1109/TVT.2023.3305921}
}

@article{Aghda2022_OMP,
  author = {Aghda, O.~A. and Omidi, M.~J. and Saeedi‑Sourck, H.},
  title = {Superimposed Channel Estimation in OTFS Modulation Using Compressive Sensing},
  journal = {arXiv preprint},
  year = {2022},
  note = {重复条目，已合并}
}

@article{WikipediaOTFS2025,
  title = {Orthogonal Time Frequency Space},
  journal = {Wikipedia},
  year = {2025},
  note = {https://en.wikipedia.org/wiki/Orthogonal_Time_Frequency_Space}
}

@article{WikipediaDelayDoppler2025,
  title = {Delay Doppler},
  journal = {Wikipedia},
  year = {2025},
  note = {https://en.wikipedia.org/wiki/Delay_Doppler}
}

@article{Mishra2020_SPArxiv,
  author = {Mishra, H.~B. and Singh, P. and Prasad, A.~K. and Budhiraja, R.},
  title = {OTFS Channel Estimation And Data Detection Designs With Superimposed Pilots},
  journal = {arXiv preprint},
  year = {2020},
  note = {https://arxiv.org/abs/2010.15066}
}

@article{Abbassi2022_SP_CS,
  author = {Abbassi Aghda, O. and Omidi, M.~J. and Saeedi‑Sourck, H.},
  title = {Superimposed Channel Estimation in OTFS Modulation Using Compressive Sensing},
  journal = {arXiv preprint},
  year = {2022},
  note = {同上, 重复合并}
}
@article{Kipf2017_GCN,
  author = {Kipf, Thomas N. and Welling, Max},
  title = {Semi-Supervised Classification with Graph Convolutional Networks},
  journal = {International Conference on Learning Representations (ICLR)},
  year = {2017},
  note = {https://arxiv.org/abs/1609.02907}
}


@article{Velickovic2018_GAT,
  author = {Veličković, Petar and Cucurull, Guillem and Casanova, Arantxa and Romero, Adriana and Lio, Pietro and Bengio, Yoshua},
  title = {Graph Attention Networks},
  journal = {International Conference on Learning Representations (ICLR)},
  year = {2018},
  note = {https://arxiv.org/abs/1710.10903}
}