@Comment{
	System model - channel
}
@ARTICLE{6563167,
  author={Fish, Alexander and Gurevich, Shamgar and Hadani, Ronny and Sayeed, Akbar M. and Schwartz, Oded},
  journal={IEEE Transactions on Information Theory}, 
  title={Delay-Doppler Channel Estimation in Almost Linear Complexity}, 
  year={2013},
  volume={59},
  number={11},
  pages={7632-7644},
  keywords={Channel estimation;Zinc;Radar;Global Positioning System;Time-frequency analysis;Complexity theory;Receivers;Channel estimation;fast matched filter;fast moving users;flag method;GPS;Heisenberg-Weil sequences;high-frequency communication;radar;sequence design;time-frequency shift problem},
  doi={10.1109/TIT.2013.2273931}}

@Comment{
	System model - DD domain
}
@ARTICLE{10264119,
  author={Wen, Haifeng and Yuan, Weijie and Yuen, Chau and Li, Yonghui},
  journal={IEEE Transactions on Vehicular Technology}, 
  title={MF-OAMP-Based Joint Channel Estimation and Data Detection for OTFS Systems}, 
  year={2024},
  volume={73},
  number={2},
  pages={2948-2953},
  keywords={Channel estimation;Symbols;Message passing;Estimation;Delays;Time-frequency analysis;Detection algorithms;Orthogonal time frequency space (OTFS);channel estimation;detection;OAMP;mean-field},
  doi={10.1109/TVT.2023.3319562}}

%%%%%%%%%%%%%%%%%%%%%%%%%%%%%%%%%%%%%%%%%%%%%%%%%%%%%%%%%%%%%%%%%%%%%%%%%%%%%%%%%%%%%%%%%%
% JPIC
@Comment{
	JPIC - CE
}
@INPROCEEDINGS{945004,
  author={Marinkovic, S. and Vucetic, B. and Ishii, N. and Yoshida, S. and Ushirokawa, T.},
  booktitle={IEEE VTS 53rd Vehicular Technology Conference, Spring 2001. Proceedings (Cat. No.01CH37202)}, 
  title={Space-time iterative and multistage receiver structures for CDMA mobile communication systems}, 
  year={2001},
  volume={3},
  number={},
  pages={1799-1803 vol.3},
  keywords={Multiaccess communication;Mobile communication;Interference cancellation;Multiple access interference;Iterative decoding;Receivers;Quadrature phase shift keying;Fading;Adaptive arrays;National electric code},
  doi={10.1109/VETECS.2001.945004}}
@INPROCEEDINGS{5493831,
  author={Hardjawana, Wibowo and Li, Rui and Vucetic, Branka and Li, Yonghui and Yang, Xuezhi},
  booktitle={2010 IEEE 71st Vehicular Technology Conference}, 
  title={A New Iterative Channel Estimation for High Mobility MIMO-OFDM Systems}, 
  year={2010},
  volume={},
  number={},
  pages={1-5},
  keywords={Channel estimation;Iterative decoding;OFDM;Interpolation;Doppler shift;MIMO;Interference;Time domain analysis;Statistics;Australia},
  doi={10.1109/VETECS.2010.5493831}}
@ARTICLE{9785832,
  author={Wang, Xueyang and Shen, Wenqian and Xing, Chengwen and An, Jianping and Hanzo, Lajos},
  journal={IEEE Transactions on Communications}, 
  title={Joint Bayesian Channel Estimation and Data Detection for OTFS Systems in LEO Satellite Communications}, 
  year={2022},
  volume={70},
  number={7},
  pages={4386-4399},
  keywords={Channel estimation;Symbols;OFDM;Doppler effect;Low earth orbit satellites;Satellites;Bayes methods;LEO satellites;high-mobility;orthogonal time frequency space (OTFS);VBI;joint channel estimation;data detection},
  doi={10.1109/TCOMM.2022.3179389}}

%%%%%%%%%%%%%%%%%%%%%%%%%%%%%%%%%%%%%%%%%%%%%%%%%%%%%%%%%%%%%%%%%%%%%%%%%%%%%%%%%%%%%%%%%%
@Comment{
	general - OTFS 1st
}
@INPROCEEDINGS{7925924,
  author={Hadani, R. and Rakib, S. and Tsatsanis, M. and Monk, A. and Goldsmith, A. J. and Molisch, A. F. and Calderbank, R.},
  booktitle={2017 IEEE Wireless Communications and Networking Conference (WCNC)}, 
  title={Orthogonal Time Frequency Space Modulation}, 
  year={2017},
  volume={},
  number={},
  pages={1-6},
  keywords={Time-frequency analysis;Modulation;OFDM;Transforms;Doppler effect;Shape;Receivers},
  doi={10.1109/WCNC.2017.7925924}}

@Comment{
	general - Viterbo
}
@INPROCEEDINGS{8377159,
  author={Raviteja, P. and Phan, Khoa T. and Jin, Qianyu and Hong, Yi and Viterbo, Emanuele},
  booktitle={2018 IEEE Wireless Communications and Networking Conference (WCNC)}, 
  title={Low-complexity iterative detection for orthogonal time frequency space modulation}, 
  year={2018},
  volume={},
  number={},
  pages={1-6},
  keywords={Doppler effect;OFDM;Modulation;Delays;Transforms;Time-frequency analysis;Receivers;Delay-Doppler channel;OTFS;message passing;time-frequency modulation},
  doi={10.1109/WCNC.2018.8377159}}
  
@ARTICLE{8516353,
  author={Raviteja, P. and Hong, Yi and Viterbo, Emanuele and Biglieri, Ezio},
  journal={IEEE Transactions on Vehicular Technology}, 
  title={Practical Pulse-Shaping Waveforms for Reduced-Cyclic-Prefix OTFS}, 
  year={2019},
  volume={68},
  number={1},
  pages={957-961},
  keywords={Delays;OFDM;Doppler shift;Matrix decomposition;Sparse matrices;Receivers;Time-frequency analysis;OTFS;circulant matrices;delay-Doppler domain},
  doi={10.1109/TVT.2018.2878891}}